@book{Stickdorn2018,
	author    = {Stickdorn, Marc and Hormess, Markus Edgar and Lawrence, Adam and others},
	title     = {This Is Service Design Doing},
	year      = {2018},
	publisher = {O'Reilly Media, Inc.},
	address   = {s.l.},
}

@book{Stickdorn2019,
	author    = {Stickdorn, Marc and Hormess, Markus and Lawrence, Adam and others},
	title     = {Isto é design de serviço na prática: como aplicar o design de serviço no mundo real: manual do praticante},
	year      = {2019},
	publisher = {Bookman},
	address   = {Porto Alegre},
	url       = {https://integrada.minhabiblioteca.com.br/reader/books/9788582605288/},
	accessdate = {2024-12-04},
}

@book{Arnowitz2010,
	author    = {Arnowitz, Jonathan and Arent, Michael and Berger, Nevin},
	title     = {Effective Prototyping for Software Makers},
	year      = {2010},
	publisher = {Elsevier},
	address   = {s.l.},
}

@book{Blomkvist2014,
	author    = {Blomkvist, Johan},
	title     = {Representing Future Situations of Service: Prototyping in Service Design},
	year      = {2014},
	publisher = {s.l.}, 
}

@book{Blomkvist2011existing,
	author    = {Johan Blomkvist and Stefan Holmlid},
	title     = {Existing Prototyping Perspectives: Considerations for Service Design},
	year      = {2011},
	publisher = {Academia.edu},
	howpublished = {\url{https://www.academia.edu/17243930/Existing_Prototyping_Perspectives_Considerations_for_Service_Design}},
	note = {Acesso em: 20 out. 2024}
}



@article{Mattjus2023,
	author    = {Mattjus, Moa},
	title     = {Prototyping Competence Software Using Service Design Methods and Tools},
	year      = {2023},
	journal   = {Nome do Periódico ou Conferência},  % Substitua pelo nome do periódico ou evento
	volume    = {Volume do periódico},  % Substitua pelo volume, se aplicável
	number    = {Número do periódico},  % Substitua pelo número, se aplicável
	pages     = {Páginas},  % Substitua pelas páginas, se aplicável
	doi       = {DOI},  % Adicione o DOI se disponível
}

@inproceedings{Christie2012,
	author    = {Edward James Christie and Daniel D. Jensen and Richard T. Buckley and Devin A. Menefee and Kyle Kenneth Ziegler and Kristin L. Wood and Richard H. Crawford},
	title     = {Prototyping Strategies: Literature Review and Identification of Critical Variables},
	year      = {2012},
	booktitle = {Proceedings of the 2012 American Society for Engineering Education Annual Conference \& Exposition},
	publisher = {American Society for Engineering Education},
	note      = {AC 2012-3698},
	url       = {https://www.researchgate.net/publication/289876059_Prototyping_Strategies_Literature_Review_and_Identification_of_Critical_Variables},
	accessdate = {2024-11-20}
}


